<record xmlns="http://www.loc.gov/MARC21/slim" xmlns:xsi="http://www.w3.org/2001/XMLSchema-instance" xsi:schemaLocation="http://www.loc.gov/MARC21/slim http://www.loc.gov/standards/marcxml/schema/MARC21slim.xsd"><leader>00665nz   2200157n  4500</leader><controlfield tag="001">oca01256990 </controlfield><controlfield tag="005">19850305171330.8</controlfield><controlfield tag="008">850118n| acannaab|          |a aaa |||  </controlfield><datafield ind1=" " ind2=" " tag="010"><subfield code="a">n  84234520 </subfield></datafield><datafield ind1=" " ind2=" " tag="040"><subfield code="a">DLC</subfield><subfield code="c">DLC</subfield><subfield code="d">DLC</subfield></datafield><datafield ind1="1" ind2=" " tag="100"><subfield code="a">Archias, Aulus Licinius,</subfield><subfield code="d">b. 120 B.C.</subfield></datafield><datafield ind1="1" ind2=" " tag="400"><subfield code="a">Archias,</subfield><subfield code="d">b. 120 B.C.</subfield></datafield><datafield ind1=" " ind2=" " tag="670"><subfield code="a">Cicero, M. T. Pro Archia poeta, 1979:</subfield><subfield code="b">t.p. (Archia) p. 1 (Archias)</subfield></datafield><datafield ind1=" " ind2=" " tag="670"><subfield code="a">LC data base, 1-8-85</subfield><subfield code="b">(hdg.: Archias, Aulus Licinius, b. 120 B.C.)</subfield></datafield><datafield ind1=" " ind2=" " tag="670"><subfield code="a">Ency. Brit. Micropaedia, c1983</subfield><subfield code="b">(Archias; in full, Aulus Licinius Archias, b. c.120 B.C.)</subfield></datafield><datafield ind1=" " ind2=" " tag="670"><subfield code="a">Brockhaus Enzy., 1966</subfield><subfield code="b">(Archias; Archias, Aulus Licinius; poet from Antioch, b. c.120 B.C.)</subfield></datafield></record>